<?xml version="1.0" encoding="UTF-8"?><record xmlns="http://www.loc.gov/MARC21/slim" xmlns:cinclude="http://apache.org/cocoon/include/1.0" xmlns:zs="http://www.loc.gov/zing/srw/">
  <leader>00433nz  a2200145n  4500</leader>
  <controlfield tag="001">n 2011057423</controlfield>
  <controlfield tag="003">DLC</controlfield>
  <controlfield tag="005">20110823075008.0</controlfield>
  <controlfield tag="008">110822n| acannaabn          |n aaa      </controlfield>
  <datafield tag="010" ind1=" " ind2=" ">
    <subfield code="a">n 2011057423</subfield>
  </datafield>
  <datafield tag="040" ind1=" " ind2=" ">
    <subfield code="a">DLC</subfield>
    <subfield code="b">eng</subfield>
    <subfield code="c">DLC</subfield>
  </datafield>
  <datafield tag="100" ind1="1" ind2=" ">
    <subfield code="a">Tower, Joan,</subfield>
    <subfield code="d">1938-</subfield>
    <subfield code="t">Stroke</subfield>
  </datafield>
  <datafield tag="670" ind1=" " ind2=" ">
    <subfield code="a">Stroke, c2011:</subfield>
    <subfield code="b">t.p. (commissioned by Pittsburgh Symphony)</subfield>
  </datafield>
  <datafield tag="670" ind1=" " ind2=" ">
    <subfield code="a">Wikipedia, Aug. 22, 2011</subfield>
    <subfield code="b">(Stroke (2010))</subfield>
  </datafield>
  <datafield tag="675" ind1=" " ind2=" ">
    <subfield code="a">New Grove online, Aug. 22, 2011</subfield>
  </datafield>
</record>